<?xml version="1.0" encoding="UTF-8"?><collection xmlns="http://www.loc.gov/MARC21/slim"><record><leader>00483nam--2200193-i-4500</leader><controlfield tag="001">000015800</controlfield><controlfield tag="002">20161230</controlfield><controlfield tag="005">20161230201031</controlfield><controlfield tag="008">060222s1000------------r-----000-0-fre-d</controlfield><datafield ind1=" " ind2=" " tag="040"><subfield code="a">IFIN-H</subfield></datafield><datafield ind1=" " ind2=" " tag="041"><subfield code="a">fre</subfield></datafield><datafield ind1=" " ind2=" " tag="080"><subfield code="a">53.09</subfield></datafield><datafield ind1="1" ind2=" " tag="100"><subfield code="a">Cazin, Achille</subfield></datafield><datafield ind1="1" ind2="0" tag="245"><subfield code="a">Les forces physiques</subfield><subfield code="c">Achille cazin</subfield></datafield><datafield ind1=" " ind2=" " tag="260"><subfield code="a">Paris</subfield><subfield code="b">Librairie Hachette Et C-ie</subfield><subfield code="c">1881</subfield></datafield><datafield ind1=" " ind2=" " tag="300"><subfield code="a">390 P</subfield></datafield><datafield ind1=" " ind2=" " tag="490"><subfield code="a">Bibliotheque Des Merveilles</subfield></datafield><datafield ind1=" " ind2=" " tag="852"><subfield code="a">76449</subfield><subfield code="c">53</subfield></datafield><datafield ind1=" " ind2=" " tag="CAT"><subfield code="a">Sys</subfield><subfield code="c">20150813</subfield><subfield code="h">130559</subfield></datafield></record></collection>